
  
  
  
  
  
  
 
  
  <record xsi:schemaLocation="http://www.loc.gov/MARC21/slim http://www.loc.gov/standards/marcxml/schema/MARC21slim.xsd">
      <leader>00000cam a2200289 a 4500</leader>
      <controlfield tag="FMT">BK</controlfield>
      <controlfield tag="LDR">00000cam a2200289 a 4500</controlfield>
      <controlfield tag="001">003878899</controlfield>
      <controlfield tag="003">OCoLC</controlfield>
      <controlfield tag="005">20131104110728.0</controlfield>
      <controlfield tag="008">131101s1977    ru ae    b    000 0 rusr</controlfield>
      <datafield tag="010" ind1=" " ind2=" ">
         <subfield code="a">mod78423297</subfield>
      </datafield>
      <datafield tag="020" ind1=" " ind2=" ">
         <subfield code="c">1.00rub</subfield>
      </datafield>
      <datafield tag="035" ind1=" " ind2=" ">
         <subfield code="a">(OCoLC)7440742</subfield>
      </datafield>
      <datafield tag="040" ind1=" " ind2=" ">
         <subfield code="a">DLC</subfield>
         <subfield code="c">NOC</subfield>
         <subfield code="d">CRL</subfield>
         <subfield code="d">OCLCQ</subfield>
         <subfield code="d">NNU</subfield>
      </datafield>
      <datafield tag="043" ind1=" " ind2=" ">
         <subfield code="a">a-gs---</subfield>
      </datafield>
      <datafield tag="050" ind1=" " ind2="4">
         <subfield code="a">DK673</subfield>
         <subfield code="b">.A58 1977</subfield>
      </datafield>
      <datafield tag="245" ind1="0" ind2="0">
         <subfield code="a">Antichnye pami͡atniki Kolkhidy i Iberii /</subfield>
         <subfield code="c">[otvetstvennyĭ redaktor, N.N. Gurina, I.T. Kruglikova].</subfield>
      </datafield>
      <datafield tag="260" ind1=" " ind2=" ">
         <subfield code="a">Moskva :</subfield>
         <subfield code="b">Izd-vo "Nauka",</subfield>
         <subfield code="c">1977.</subfield>
      </datafield>
      <datafield tag="300" ind1=" " ind2=" ">
         <subfield code="a">132 p. :</subfield>
         <subfield code="b">ill., plans ;</subfield>
         <subfield code="c">26 cm.</subfield>
      </datafield>
      <datafield tag="490" ind1="1" ind2=" ">
         <subfield code="a">Kratkie soobshchenii͡a / Akademii͡a nauk SSSR, Institut arkheologii ;</subfield>
         <subfield code="v">151</subfield>
      </datafield>
      <datafield tag="504" ind1=" " ind2=" ">
         <subfield code="a">Includes bibliographical references.</subfield>
      </datafield>
      <datafield tag="505" ind1="0" ind2="0">
         <subfield code="t">Raskopki mogil'nika Pichvnari /</subfield>
         <subfield code="r">A.I͡U. Kakhidze --</subfield>
         <subfield code="t">Nekotorye itogi raskopok poseleniĭ VI-V vv. do n.ė. v raĭone ust'i͡a r. Rioni (Fasisa) /</subfield>
         <subfield code="r">T.K. Mikeladze --</subfield>
         <subfield code="t">Predvaritel'nye itogi rabot na Ėsherskom gorodishche /</subfield>
         <subfield code="r">G.K. Shamba --</subfield>
         <subfield code="t">Novootkrytye pami͡atniki drevnekolkhidskoĭ metallurgii zheleza /</subfield>
         <subfield code="r">D.A. Khakhutaĭshvili --</subfield>
         <subfield code="t">Kolkhskiĭ mogil'nik VII-VI vv. do n.ė. v s. Nigvziani /</subfield>
         <subfield code="r">T.K. Mikeladze, M.V. Baramidze --</subfield>
         <subfield code="t">Raskopki v Vani v 1973-1974 gg. /</subfield>
         <subfield code="r">O.D. Lordkipanidze, R.V. Puturidze, N.N. Matiashvili ----</subfield>
         <subfield code="t">Pogrebenie s cherepichnym perekrytiem iz Dablagomi /</subfield>
         <subfield code="r">V.A. Tolordava --</subfield>
         <subfield code="t">Dapnarskoe selishche i mogil'nik (k probleme sel'skikh poseleniĭ Kolkhidy) /</subfield>
         <subfield code="r">N.Sh. Kiguradze, G.A. Lordkipanidze --</subfield>
         <subfield code="t">Klad rimskikh monet I-III vv. iz s. Ėki /</subfield>
         <subfield code="r">G.F. Dundua --</subfield>
         <subfield code="t">Kolkhidskie amfory iz Vani /</subfield>
         <subfield code="r">R.V. Puturidze --</subfield>
         <subfield code="t">Afiny i Kolkhida v ėllinisticheskui͡u ėpokhy /</subfield>
         <subfield code="r">N.N. Matiashvili --</subfield>
         <subfield code="t">K izuchenii͡u kolkhidskogo zlatokuznechestva /</subfield>
         <subfield code="r">A.M. Chkonia --</subfield>
         <subfield code="t">Keramika Kolkhidy VI-IV vv. do n.ė. /</subfield>
         <subfield code="r">E.G. Gigolashvili, D.D. Kacharava --</subfield>
         <subfield code="t">Topory kolkhidsko-kobanskogo tipa v Dagestane /</subfield>
         <subfield code="r">A.R. Magomedov --</subfield>
         <subfield code="t">Gorodishche Samadlo /</subfield>
         <subfield code="r">I͡U.M. Gagoshidze --</subfield>
         <subfield code="t">Rezul'taty rabot na "T͡Sikhia-gora" (1971-1974 gg.) /</subfield>
         <subfield code="r">G.G. T͡Skitishvili --</subfield>
         <subfield code="t">Nastakisi, Sarkinė, Dzalisi : goroda Iberii antichnoĭ ėpokhi (nekotorye rezul'taty polevykh issledovannĭ) /</subfield>
         <subfield code="r">Al. Bokhochadze --</subfield>
         <subfield code="t">Raskopki khrama I v. do n.ė. v Dedoplis Mindori (vostochnai͡a Gruzii͡a) /</subfield>
         <subfield code="r">I͡U.M. Gagoshidze --</subfield>
         <subfield code="t">Pogrebenii͡a iberiĭskoĭ znati iz Zguderi /</subfield>
         <subfield code="r">G.M. Nemsadze --</subfield>
         <subfield code="t">Novye otkrytii͡a na novostroĭkakh Aragvskogo ushchel'i͡a /</subfield>
         <subfield code="r">R.M. Ramishvili --</subfield>
         <subfield code="t">O nekotorykh neopublikovannykh materialakh ranneantichnoĭ ėpokhi iz i͡ugo-vostochnoĭ Gruzii /</subfield>
         <subfield code="r">T͡S.O. Davlianidze --</subfield>
         <subfield code="t">Stekli͡annye sosudy iz Tbilisi /</subfield>
         <subfield code="r">M.N. Saginashvili.</subfield>
      </datafield>
      <datafield tag="651" ind1=" " ind2="0">
         <subfield code="a">Colchis</subfield>
         <subfield code="x">Antiquities.</subfield>
      </datafield>
      <datafield tag="651" ind1=" " ind2="0">
         <subfield code="a">Iberia (Kingdom)</subfield>
         <subfield code="x">Antiquities.</subfield>
      </datafield>
      <datafield tag="651" ind1=" " ind2="0">
         <subfield code="a">Georgia (Republic)</subfield>
         <subfield code="x">Antiquities.</subfield>
      </datafield>
      <datafield tag="700" ind1="1" ind2=" ">
         <subfield code="a">Gurina, N. N.</subfield>
         <subfield code="q">(Nina Nikolaevna)</subfield>
         <subfield code="e">ed.</subfield>
      </datafield>
      <datafield tag="700" ind1="1" ind2=" ">
         <subfield code="a">Kruglikova, Irina Timofeevna</subfield>
         <subfield code="e">ed.</subfield>
      </datafield>
      <datafield tag="830" ind1=" " ind2="0">
         <subfield code="a">Kratkie soobshchenii͡a (Institut arkheologii (Akademii͡a nauk SSSR)) ;</subfield>
         <subfield code="v">151.</subfield>
      </datafield>
      <datafield tag="994" ind1=" " ind2=" ">
         <subfield code="a">Z0</subfield>
         <subfield code="b">ZYU</subfield>
      </datafield>
      <datafield tag="OWN" ind1=" " ind2=" ">
         <subfield code="a">GENERAL</subfield>
      </datafield>
      <datafield tag="AVA" ind1=" " ind2=" ">
         <subfield code="a">NYU50</subfield>
         <subfield code="b">NISAW</subfield>
         <subfield code="c">Small Collection</subfield>
         <subfield code="d">DK673 .A58 1977</subfield>
         <subfield code="e">available</subfield>
         <subfield code="t">Available</subfield>
         <subfield code="f">1</subfield>
         <subfield code="g">0</subfield>
         <subfield code="h">N</subfield>
         <subfield code="i">0</subfield>
         <subfield code="j">SMALL</subfield>
      </datafield>
      <marc:datafield tag="852" ind1=" " ind2=" ">
         <marc:subfield code="a">New York University</marc:subfield>
         <marc:subfield code="b">Institute for the Study of the Ancient World</marc:subfield>
         <marc:subfield code="c">Small Collection</marc:subfield>
         <marc:subfield code="e">15 East 84th Street</marc:subfield>
         <marc:subfield code="e">New York, NY  10028</marc:subfield>
      </marc:datafield>
   </record>