
  
  
  
  
  
  
  
 
  
  <record xsi:schemaLocation="http://www.loc.gov/MARC21/slim http://www.loc.gov/standards/marcxml/schema/MARC21slim.xsd">
      <leader>00000cam a22      a 4500</leader>
      <controlfield tag="FMT">BK</controlfield>
      <controlfield tag="LDR">00000cam a22      a 4500</controlfield>
      <controlfield tag="001">003069523</controlfield>
      <controlfield tag="003">OCoLC</controlfield>
      <controlfield tag="005">20131108160953.0</controlfield>
      <controlfield tag="008">080508s2008    is a     b    010 0 eng d</controlfield>
      <datafield tag="020" ind1=" " ind2=" ">
         <subfield code="a">9789654933117</subfield>
      </datafield>
      <datafield tag="020" ind1=" " ind2=" ">
         <subfield code="a">965493311X</subfield>
      </datafield>
      <datafield tag="035" ind1=" " ind2=" ">
         <subfield code="a">(OCoLC)227211048</subfield>
      </datafield>
      <datafield tag="040" ind1=" " ind2=" ">
         <subfield code="a">EMT</subfield>
         <subfield code="c">EMT</subfield>
         <subfield code="d">YDXCP</subfield>
         <subfield code="d">NNU</subfield>
      </datafield>
      <datafield tag="043" ind1=" " ind2=" ">
         <subfield code="a">aw-----</subfield>
      </datafield>
      <datafield tag="050" ind1="0" ind2="4">
         <subfield code="a">DS70.9</subfield>
         <subfield code="b">.C64 2008</subfield>
      </datafield>
      <datafield tag="245" ind1="0" ind2="0">
         <subfield code="a">Treasures on camels' humps :</subfield>
         <subfield code="b">historical and literary studies from the ancient Near East presented to Israel Ephʻal /</subfield>
         <subfield code="c">edited by Mordechai Cogan and Dan'el Kahn.</subfield>
      </datafield>
      <datafield tag="260" ind1=" " ind2=" ">
         <subfield code="a">Jerusalem :</subfield>
         <subfield code="b">Hebrew University Magnes Press,</subfield>
         <subfield code="c">2008</subfield>
      </datafield>
      <datafield tag="300" ind1=" " ind2=" ">
         <subfield code="a">xiii, 338 p. :</subfield>
         <subfield code="b">ill. ;</subfield>
         <subfield code="c">25 cm.</subfield>
      </datafield>
      <datafield tag="504" ind1=" " ind2=" ">
         <subfield code="a">Includes bibliography of the works of Israel Ephʻal.</subfield>
      </datafield>
      <datafield tag="504" ind1=" " ind2=" ">
         <subfield code="a">Includes bibliographical references.</subfield>
      </datafield>
      <datafield tag="505" ind1="0" ind2="0">
         <subfield code="t">Hunting in the epic of Gilgamesh: speculations on the education of a prince /</subfield>
         <subfield code="r">Tsvi Abusch --</subfield>
         <subfield code="t">Ezekiel and Egypt /</subfield>
         <subfield code="r">Shmuel Ahituv --</subfield>
         <subfield code="t">What kind of treaty tradition do the Sefire inscriptions represent? /</subfield>
         <subfield code="r">Amnon Altman --</subfield>
         <subfield code="t">"All the nations and many people": the answer of Isaiah and Micah to Assyrian Imperial policies /</subfield>
         <subfield code="r">Pinhas Artzi --</subfield>
         <subfield code="t">Crossing the boundaries: literary allusions to the epic of Gilgamesh in the account of Esarhaddon's Egyptian campaign /</subfield>
         <subfield code="r">Amitai Baruchi-Unna --</subfield>
         <subfield code="t">The Assyrian Stela fragment from Ben-Shemhen /</subfield>
         <subfield code="r">Mordechai Cogan --</subfield>
         <subfield code="t">A pugnacious strike from Uruk /</subfield>
         <subfield code="r">M.A. Damdamayev --</subfield>
         <subfield code="t">A new look at a Neo-Assyrian sale of "land and people" /</subfield>
         <subfield code="r">Gershon Galil --</subfield>
         <subfield code="t">The wandering lament: Micah 1:10-16 /</subfield>
         <subfield code="r">Yair Hoffman --</subfield>
         <subfield code="t">New light on an old find from Hazor /</subfield>
         <subfield code="r">Wayne Horowitz and Takayoshi Oshima --</subfield>
         <subfield code="t">"Shutting up" the enemy - literary gleanings from Sargon's eighth campaign /</subfield>
         <subfield code="r">Victor Avigdor Hurowitz --</subfield>
      </datafield>
      <datafield tag="505" ind1="0" ind2="0">
         <subfield code="t">Piankhy's instructions to his army in Kush and their execution /</subfield>
         <subfield code="r">Dan'el Kahn --</subfield>
         <subfield code="t">Recruitment of foreign soldiers into the Neo-Assyrian Army during the reign of Tiglath-pileser III /</subfield>
         <subfield code="r">Yehuda Kaplan--</subfield>
         <subfield code="t">Four early Mesopotamian 'builidng' inscriptions from the Moussaieff collection /</subfield>
         <subfield code="r">Jacob Klein --</subfield>
         <subfield code="t">Esarhaddon's eastern campaign /</subfield>
         <subfield code="r">Erle Leichty --</subfield>
         <subfield code="t">The hosts of the mountain /</subfield>
         <subfield code="r">Edward Lipiński --</subfield>
         <subfield code="t">Peace and war at Nuzi: a prosopographical foray /</subfield>
         <subfield code="r">M.P. Maidman --</subfield>
         <subfield code="t">The Suhu governors' inscriptions in the context of Mesopotamian royal inscriptions /</subfield>
         <subfield code="r">Nadav Na'aman --</subfield>
         <subfield code="t">The chronology of the Idumean Ostraca in the decade or so after the death of Alexander the Great and its relevance for historical events /</subfield>
         <subfield code="r">Bezalel Porten and Ada Yardeni --</subfield>
         <subfield code="t">On siege warfare in Hittite texts /</subfield>
         <subfield code="r">Itamar Singer --</subfield>
         <subfield code="t">Assyria at the gates of Tushpa /</subfield>
         <subfield code="r">Hayim Tadmor --</subfield>
         <subfield code="t">Are trees of the field human? A Biblical war law (Deuteronomy 20:19-20) and Neo-Assyrian propoganda /</subfield>
         <subfield code="r">Nili Wazana --</subfield>
         <subfield code="t">Qurdi-Assur-lamur: his letters and career /</subfield>
         <subfield code="r">Shigeo Yamada --</subfield>
         <subfield code="t">Neo-Assyrian notes /</subfield>
         <subfield code="r">Ron Zadok --</subfield>
         <subfield code="t">Nebuchadnezzar's campaign in the 30th year (575 B.C.): a conflict with Tyre /</subfield>
         <subfield code="r">Stefan Zawadski.</subfield>
      </datafield>
      <datafield tag="651" ind1=" " ind2="0">
         <subfield code="a">Middle East</subfield>
         <subfield code="x">Civilization</subfield>
         <subfield code="y">To 622.</subfield>
      </datafield>
      <datafield tag="650" ind1=" " ind2="0">
         <subfield code="a">Assyria</subfield>
         <subfield code="x">History.</subfield>
      </datafield>
      <datafield tag="650" ind1=" " ind2="0">
         <subfield code="a">Assyro-Babylonian literature.</subfield>
      </datafield>
      <datafield tag="600" ind1="1" ind2="0">
         <subfield code="a">Ephʻal, Israel</subfield>
         <subfield code="v">Biography.</subfield>
      </datafield>
      <datafield tag="700" ind1="1" ind2=" ">
         <subfield code="a">Ephʻal, Israel.</subfield>
      </datafield>
      <datafield tag="700" ind1="1" ind2=" ">
         <subfield code="a">Cogan, Mordechai.</subfield>
      </datafield>
      <datafield tag="700" ind1="1" ind2=" ">
         <subfield code="a">Kahn, Dan'el.</subfield>
      </datafield>
      <datafield tag="OWN" ind1=" " ind2=" ">
         <subfield code="a">GENERAL</subfield>
      </datafield>
      <datafield tag="AVA" ind1=" " ind2=" ">
         <subfield code="a">NYU50</subfield>
         <subfield code="b">BOBST</subfield>
         <subfield code="c">Main Collection</subfield>
         <subfield code="d">DS70.9 .C64 2008</subfield>
         <subfield code="e">available</subfield>
         <subfield code="t">Available</subfield>
         <subfield code="f">1</subfield>
         <subfield code="g">0</subfield>
         <subfield code="h">N</subfield>
         <subfield code="i">4</subfield>
         <subfield code="j">MAIN</subfield>
      </datafield>
      <datafield tag="AVA" ind1=" " ind2=" ">
         <subfield code="a">NYU50</subfield>
         <subfield code="b">NISAW</subfield>
         <subfield code="c">Small Collection</subfield>
         <subfield code="d">DS70.9 .C64 2008</subfield>
         <subfield code="e">available</subfield>
         <subfield code="t">Available</subfield>
         <subfield code="f">1</subfield>
         <subfield code="g">0</subfield>
         <subfield code="h">N</subfield>
         <subfield code="i">0</subfield>
         <subfield code="j">SMALL</subfield>
      </datafield>
      <marc:datafield tag="852" ind1=" " ind2=" ">
         <marc:subfield code="a">New York University</marc:subfield>
         <marc:subfield code="b">Institute for the Study of the Ancient World</marc:subfield>
         <marc:subfield code="c">Small Collection</marc:subfield>
         <marc:subfield code="e">15 East 84th Street</marc:subfield>
         <marc:subfield code="e">New York, NY  10028</marc:subfield>
      </marc:datafield>
   </record>