
  
  
  
  
  
  
 
  
  <record xsi:schemaLocation="http://www.loc.gov/MARC21/slim http://www.loc.gov/standards/marcxml/schema/MARC21slim.xsd">
      <leader>00000cam a2200457 a 4500</leader>
      <controlfield tag="FMT">BK</controlfield>
      <controlfield tag="LDR">00000cam a2200457 a 4500</controlfield>
      <controlfield tag="001">003880979</controlfield>
      <controlfield tag="003">OCoLC</controlfield>
      <controlfield tag="005">20131106082056.0</controlfield>
      <controlfield tag="008">131105s1980    sp abd   b    100 0 spa</controlfield>
      <datafield tag="010" ind1=" " ind2=" ">
         <subfield code="a">82114807</subfield>
      </datafield>
      <datafield tag="020" ind1=" " ind2=" ">
         <subfield code="a">8474910250</subfield>
      </datafield>
      <datafield tag="020" ind1=" " ind2=" ">
         <subfield code="a">9788474910254</subfield>
      </datafield>
      <datafield tag="035" ind1=" " ind2=" ">
         <subfield code="a">(OCoLC)9918651</subfield>
      </datafield>
      <datafield tag="040" ind1=" " ind2=" ">
         <subfield code="a">DLC</subfield>
         <subfield code="b">eng</subfield>
         <subfield code="c">DLC</subfield>
         <subfield code="d">OCL</subfield>
         <subfield code="d">OCLCO</subfield>
         <subfield code="d">NNU</subfield>
      </datafield>
      <datafield tag="041" ind1="0" ind2=" ">
         <subfield code="a">spa</subfield>
         <subfield code="a">fre</subfield>
         <subfield code="a">ita</subfield>
      </datafield>
      <datafield tag="043" ind1=" " ind2=" ">
         <subfield code="a">aw-----</subfield>
         <subfield code="a">e------</subfield>
         <subfield code="a">ff-----</subfield>
         <subfield code="a">e-sp---</subfield>
      </datafield>
      <datafield tag="050" ind1="0" ind2="0">
         <subfield code="a">HD9490.5.O463</subfield>
         <subfield code="b">R66 1980</subfield>
      </datafield>
      <datafield tag="082" ind1="0" ind2="0">
         <subfield code="a">338.4/7664362/0937</subfield>
         <subfield code="2">19</subfield>
      </datafield>
      <datafield tag="245" ind1="0" ind2="0">
         <subfield code="a">Producción y comercio del aceite en la Antigüedad :</subfield>
         <subfield code="b">primer congreso internacional /</subfield>
         <subfield code="c">[coordinó la edición, José María Blazquez Martínez].</subfield>
      </datafield>
      <datafield tag="260" ind1=" " ind2=" ">
         <subfield code="a">Madrid :</subfield>
         <subfield code="b">Universidad Complutense,</subfield>
         <subfield code="c">1980.</subfield>
      </datafield>
      <datafield tag="300" ind1=" " ind2=" ">
         <subfield code="a">319 p. :</subfield>
         <subfield code="b">ill., charts, maps ;</subfield>
         <subfield code="c">24 cm.</subfield>
      </datafield>
      <datafield tag="546" ind1=" " ind2=" ">
         <subfield code="a">Contributions in Spanish, French, or Italian.</subfield>
      </datafield>
      <datafield tag="500" ind1=" " ind2=" ">
         <subfield code="a">"Bajo el patronato de: Ministerio de Cultura, Universidad Complutense, Consejo Oleícola Internacional, Casa de Velázquez, Fundación Pastor de Estudios Clásicos."</subfield>
      </datafield>
      <datafield tag="500" ind1=" " ind2=" ">
         <subfield code="a">"Celebrado en Madrid ... 4 al 6 diciembre de 1978, en la Fundación Pastor de Estudios Clásicos"--P. [9].</subfield>
      </datafield>
      <datafield tag="504" ind1=" " ind2=" ">
         <subfield code="a">Includes bibliographical references.</subfield>
      </datafield>
      <datafield tag="505" ind1="0" ind2="0">
         <subfield code="t">Presentación /</subfield>
         <subfield code="r">M. Fernández-Galiano --</subfield>
         <subfield code="t">Introducción /</subfield>
         <subfield code="r">J.M. Blázquez --</subfield>
         <subfield code="t">Introducción [in French] /</subfield>
         <subfield code="r">M. Ponsich --</subfield>
         <subfield code="t">Heinrich Dressel /</subfield>
         <subfield code="r">M. Blech --</subfield>
         <subfield code="t">Exportación del aceite hispano en el Imperio romano : estado de la cuestión /</subfield>
         <subfield code="r">J.M. Blázquez --</subfield>
         <subfield code="t">Nouvelles perspectives sur l'olivier du Bas-Guadalquivir dans l'Antiquité /</subfield>
         <subfield code="r">Michel Ponsich --</subfield>
         <subfield code="t">Monte Testaccio, hoy : nuevos testimonios epigráficos /</subfield>
         <subfield code="r">E. Rodríguez-Almeida --</subfield>
         <subfield code="t">Alcuni aspetti della topografia e dell'archeologia attorno al monte Testaccio /</subfield>
         <subfield code="r">E. Rodríguez-Almeida --</subfield>
         <subfield code="t">Reflejos económicos y sociales en la producción de ánforas olearias béticas /</subfield>
         <subfield code="r">José Remesal Rodríguez --</subfield>
         <subfield code="t">D. Caecilius Hospitalis et M. Iulius Hermesianus /</subfield>
         <subfield code="r">André Tchernia --</subfield>
         <subfield code="t">Amphores à huile de l'épave Saint-Gervais 3 à Fos-sur-mer : premières observations sur les inscriptions peintes /</subfield>
         <subfield code="r">Bernard Liou --</subfield>
         <subfield code="t">Epave Port-Vendres II : nouveaux documents épigraphiques /</subfield>
         <subfield code="r">Dali Colls, Robert Lequément --</subfield>
         <subfield code="t">Comercio del aceite en el valle del Ebro a finales de la República y comienzos del Imperio romano /</subfield>
         <subfield code="r">Miguel Beltrán Lloris --</subfield>
         <subfield code="t">Commercio oleario e moneta nell' Atene dei secoli VI e V /</subfield>
         <subfield code="r">M.A. Levi --</subfield>
         <subfield code="t">Evolución de las exportaciones béticas durante el Imperio /</subfield>
         <subfield code="r">R. Pascual Guasch --</subfield>
         <subfield code="t">Olivo y el aceite en las literaturas clásicas /</subfield>
         <subfield code="r">S. Mariner --</subfield>
         <subfield code="t">Aceite en la civilización micénica /</subfield>
         <subfield code="r">J.L. Melena --</subfield>
         <subfield code="t">Rentabilidad del oliveo en el mundo romano /</subfield>
         <subfield code="r">J.L. Ramírez Sádaba --</subfield>
         <subfield code="t">Continuidad o discontinuidad de la producción oleícola hispana durante la Antigüedad Tardía (ss. V-VII)? /</subfield>
         <subfield code="r">Luis A. García Moreno.</subfield>
      </datafield>
      <datafield tag="650" ind1=" " ind2="0">
         <subfield code="a">Olive oil industry</subfield>
         <subfield code="z">Rome</subfield>
         <subfield code="v">Congresses.</subfield>
      </datafield>
      <datafield tag="650" ind1=" " ind2="0">
         <subfield code="a">Olive oil industry</subfield>
         <subfield code="z">Spain</subfield>
         <subfield code="x">History</subfield>
         <subfield code="v">Congresses.</subfield>
      </datafield>
      <datafield tag="650" ind1=" " ind2="0">
         <subfield code="a">Oil industries</subfield>
         <subfield code="z">Rome</subfield>
         <subfield code="v">Congresses.</subfield>
      </datafield>
      <datafield tag="650" ind1=" " ind2="0">
         <subfield code="a">Oil industries</subfield>
         <subfield code="z">Spain</subfield>
         <subfield code="x">History</subfield>
         <subfield code="v">Congresses.</subfield>
      </datafield>
      <datafield tag="700" ind1="1" ind2=" ">
         <subfield code="a">Blázquez, José María</subfield>
         <subfield code="e">ed.</subfield>
      </datafield>
      <datafield tag="710" ind1="2" ind2=" ">
         <subfield code="a">Fundación Pastor de Estudios Clásicos.</subfield>
      </datafield>
      <datafield tag="711" ind1="2" ind2=" ">
         <subfield code="a">Congreso Internacional sobre el Aceite en la Antigüedad</subfield>
         <subfield code="n">(1st :</subfield>
         <subfield code="d">1978 :</subfield>
         <subfield code="c">Madrid, Spain)</subfield>
      </datafield>
      <datafield tag="776" ind1="1" ind2="8">
         <subfield code="i">Online version:</subfield>
         <subfield code="t">Producción y comercio del aceite en la Antigüedad.</subfield>
         <subfield code="d">Madrid : Universidad Complutense, 1980</subfield>
         <subfield code="w">(OCoLC)735154246</subfield>
      </datafield>
      <datafield tag="994" ind1=" " ind2=" ">
         <subfield code="a">Z0</subfield>
         <subfield code="b">ZYU</subfield>
      </datafield>
      <datafield tag="OWN" ind1=" " ind2=" ">
         <subfield code="a">GENERAL</subfield>
      </datafield>
      <datafield tag="936" ind1=" " ind2=" ">
         <subfield code="a">PR 434008374</subfield>
      </datafield>
      <datafield tag="AVA" ind1=" " ind2=" ">
         <subfield code="a">NYU50</subfield>
         <subfield code="b">NISAW</subfield>
         <subfield code="c">Small Collection</subfield>
         <subfield code="d">HD9490.5.O463 R66 1980</subfield>
         <subfield code="e">available</subfield>
         <subfield code="t">Available</subfield>
         <subfield code="f">1</subfield>
         <subfield code="g">0</subfield>
         <subfield code="h">N</subfield>
         <subfield code="i">0</subfield>
         <subfield code="j">SMALL</subfield>
      </datafield>
      <marc:datafield tag="852" ind1=" " ind2=" ">
         <marc:subfield code="a">New York University</marc:subfield>
         <marc:subfield code="b">Institute for the Study of the Ancient World</marc:subfield>
         <marc:subfield code="c">Small Collection</marc:subfield>
         <marc:subfield code="e">15 East 84th Street</marc:subfield>
         <marc:subfield code="e">New York, NY  10028</marc:subfield>
      </marc:datafield>
   </record>