
  
  
  
  
  
 
  
  <record xsi:schemaLocation="http://www.loc.gov/MARC21/slim http://www.loc.gov/standards/marcxml/schema/MARC21slim.xsd">
      <leader>00000cam a2200421 a 4500</leader>
      <controlfield tag="FMT">BK</controlfield>
      <controlfield tag="LDR">00000cam a2200421 a 4500</controlfield>
      <controlfield tag="001">003880964</controlfield>
      <controlfield tag="003">OCoLC</controlfield>
      <controlfield tag="005">20131105142548.0</controlfield>
      <controlfield tag="008">131105s2004    gr abe   b    100 0 gre d</controlfield>
      <datafield tag="020" ind1=" " ind2=" ">
         <subfield code="a">9607143345</subfield>
      </datafield>
      <datafield tag="020" ind1=" " ind2=" ">
         <subfield code="a">960214369X</subfield>
      </datafield>
      <datafield tag="020" ind1=" " ind2=" ">
         <subfield code="a">9789607143341</subfield>
      </datafield>
      <datafield tag="035" ind1=" " ind2=" ">
         <subfield code="a">(OCoLC)61463992</subfield>
      </datafield>
      <datafield tag="040" ind1=" " ind2=" ">
         <subfield code="a">CUY</subfield>
         <subfield code="b">eng</subfield>
         <subfield code="c">CUY</subfield>
         <subfield code="d">QGK</subfield>
         <subfield code="d">NNU</subfield>
      </datafield>
      <datafield tag="041" ind1="0" ind2=" ">
         <subfield code="a">gre</subfield>
         <subfield code="a">eng</subfield>
         <subfield code="a">ita</subfield>
      </datafield>
      <datafield tag="043" ind1=" " ind2=" ">
         <subfield code="a">e-gr---</subfield>
         <subfield code="a">a-tu---</subfield>
      </datafield>
      <datafield tag="050" ind1=" " ind2="4">
         <subfield code="a">GN780.25</subfield>
         <subfield code="b">.A43 2004</subfield>
      </datafield>
      <datafield tag="245" ind1="0" ind2="3">
         <subfield code="a">To Aigaio stēn prōimē epochē tou sidērou :</subfield>
         <subfield code="b">praktika tou diethnous symposiou, Rhodos, 1-4 Noemvriou 2002 /</subfield>
         <subfield code="c">epimeleia, N.Chr. Stampolidēs, A. Giannikourē.</subfield>
      </datafield>
      <datafield tag="260" ind1=" " ind2=" ">
         <subfield code="a">Athēna :</subfield>
         <subfield code="b">Panepistēmio Krētēs :</subfield>
         <subfield code="b">Hyp. Po., Archailogiko Institouto Aigaiakōn Spoudōn,</subfield>
         <subfield code="c">2004.</subfield>
      </datafield>
      <datafield tag="300" ind1=" " ind2=" ">
         <subfield code="a">xv, 542 p. :</subfield>
         <subfield code="b">ill., maps, plans ;</subfield>
         <subfield code="c">29 cm.</subfield>
      </datafield>
      <datafield tag="546" ind1=" " ind2=" ">
         <subfield code="a">Contributions chiefly in Greek, with four in English and four in Italian.</subfield>
      </datafield>
      <datafield tag="500" ind1=" " ind2=" ">
         <subfield code="a">At head of title: Panepistēmio Krētēs, Hyp. Po., Archailogiko Institouto Aigaiakōn Spoudōn.</subfield>
      </datafield>
      <datafield tag="504" ind1=" " ind2=" ">
         <subfield code="a">Bibliography: p. 520-542.</subfield>
      </datafield>
      <datafield tag="505" ind1="0" ind2="0">
         <subfield code="g">Krētē.</subfield>
         <subfield code="t">Diataxē tōn hoikismōn kai hoi koinōniko-oikonomikes hallages stēn Krētē kata tēn Prōimē Epochē tou Sidērou /</subfield>
         <subfield code="r">Sarro Wallace --</subfield>
         <subfield code="t">Metaschēmatismos tēs krētikēs koinōnias kata ta telē tēs 2ēs kai tis arches tēs 1ēs prochristianikēs chilietias /</subfield>
         <subfield code="r">Napoleōn Xipharas --</subfield>
         <subfield code="t">Kydōnia tēs dytikēs Krētēs sta prōima chronia tou Sidērou /</subfield>
         <subfield code="r">Maria Andreadakē-Vlazakē --</subfield>
         <subfield code="t">Emporikos rolos tēs kentirikēs Krētēs kata ton 9o kai 8o ai. p.Ch. /</subfield>
         <subfield code="r">Elenē Goula --</subfield>
         <subfield code="t">Eleutherna tēs Prōimēs Epochēs tou Sidērou : scheseis me to Aigaio kai tēn anatolikē Mesogeio /</subfield>
         <subfield code="r">Nikolaos Stampolidēs --</subfield>
         <subfield code="t">Mnēmes tēs aristokratias apo tēn Orthē Petra tēs geōmetrikēs Eleuthernas /</subfield>
         <subfield code="r">Anagnōstēs Agelarakēs --</subfield>
         <subfield code="t">Vaso da filtro da Arkades e i contatti tra Creta e il centro Italia tirrenico /</subfield>
         <subfield code="r">Giacomo Biondi --</subfield>
         <subfield code="t">Prōtogeōmetrikos oikismos stē Gria Vigla Moirōn stē notia Krētē /</subfield>
         <subfield code="r">Antōnēs Vasilakēs --</subfield>
         <subfield code="t">Homērika stoicheia stēn akropolē Smariou /</subfield>
         <subfield code="r">Despoina Chatzē-Vallianou --</subfield>
         <subfield code="t">Periptōsē prōimōn symposiōn hē aplōs hērōolatreias : geōmetrikē anakatalēpsē sto Chalasmeno Ierapetras /</subfield>
         <subfield code="r">Metaxia Tsipopoulou --</subfield>
         <subfield code="t">Late Geometric ship from Khalasmenos /</subfield>
         <subfield code="r">Michael Wedde --</subfield>
         <subfield code="t">Cemetery of Krya, district of Seteia : developments at the end of the Late Bronze Age and the beginning of the Eary Iron Age in east Crete /</subfield>
         <subfield code="r">Athanasia Kanta, Kostis Davaras --</subfield>
         <subfield code="t">In merito alla classe dei cosidetti aryballio rodio cretesi /</subfield>
         <subfield code="r">Lorenza Grasso, Lighea Pappalardo, Francesco Paolo Romano --</subfield>
      </datafield>
      <datafield tag="505" ind1="0" ind2="0">
         <subfield code="g">Anatoliko Aigaio.</subfield>
         <subfield code="t">Apo ta nekrotapheia tēs archaias Ialysou : duo geōmetrikes taphes stēn Kremastē Rodou /</subfield>
         <subfield code="r">Elenē Pharmakidou --</subfield>
         <subfield code="t">Hiero tēs Geōmetrikēs kai Archaikēs periodou stēn Hēraklēs tēs Kō : mia prōtē parousiasē /</subfield>
         <subfield code="r">Elpida Skerlou --</subfield>
         <subfield code="t">Geōmetrikē nekropolē archaias Samou /</subfield>
         <subfield code="r">Maria Viglakē-Sophianou --</subfield>
         <subfield code="t">Wooden stools dall'Heraion di Samo : alcune osservazioni /</subfield>
         <subfield code="r">Antonella Pautasso --</subfield>
         <subfield code="t">Prōtogeōmetrikē keramikē apo tēn Chio /</subfield>
         <subfield code="r">Aglaia Archontidou-Argyrē --</subfield>
         <subfield code="t">Northern Aegean in the Early Iron Age : an assessment of the present picture /</subfield>
         <subfield code="r">Massimo Cultraro --</subfield>
         <subfield code="t">Samothrakē stēn Prōimē Epochē tou Sidērou /</subfield>
         <subfield code="r">Dēmētrēs Matsas --</subfield>
         <subfield code="g">Makedonia.</subfield>
         <subfield code="t">Prōimē Epochē tou Sidērou sto Nomo Dramas /</subfield>
         <subfield code="r">Katerina Peristerē --</subfield>
         <subfield code="t">Akanthos stēn Prōimē Epochē tou Sidērou /</subfield>
         <subfield code="r">Elenē Trakosopoulou-Salakidou --</subfield>
         <subfield code="t">Euchōria diakosmēmenē keramikē apo to nekrotapheio tēs archaias Mendēs /</subfield>
         <subfield code="r">Sophia Moschonēsiōtē --</subfield>
         <subfield code="t">Panepistēmiakes anaskaphes sto Karampournaki Thessalonikēs kai hē parousia tōn Phoinikōn sto voreio Aigaio /</subfield>
         <subfield code="r">Michalēs Tiverios --</subfield>
         <subfield code="t">Periochē tou Axiou stēn Prōimē Epochē tou Sidērou /</subfield>
         <subfield code="r">Thōmē Savvopoulou --</subfield>
         <subfield code="t">Prōimē Epochē tou Sidērou stēn anatolikē parathermaikē zōnē : phaseis tēs Prōimēs Epochēs tou Sidērou stēn trapeza tēs Toumpas Thessalonikēs /</subfield>
         <subfield code="r">Kōstas Souereph --</subfield>
         <subfield code="t">Tephrochrōmē trochēlatē keramikē tēs Epochēs tou Sidērou apo tēn Toumpa Thessalonikēs /</subfield>
         <subfield code="r">Kōnstantoula Chavela --</subfield>
         <subfield code="t">Nekrotapheia tēs Prōimēs Epochēs tou Sidērou stē voreia Pieria /</subfield>
         <subfield code="r">Giannēs Karliampas, Matthaios Besios, Sevē Triantaphyllou --</subfield>
      </datafield>
      <datafield tag="505" ind1="0" ind2="0">
         <subfield code="g">Kentrikē Hellada.</subfield>
         <subfield code="t">Nea heurēmata tēs Hysterēs Epochēs tou Chalkou kai tēs Epochēs tou Sidērou stēn Halo /</subfield>
         <subfield code="r">Zōē Malakasiōtē, Anna Mousiōnē --</subfield>
         <subfield code="t">Symvolē tou Ōrōpou stē meletē tōn hoikismōn tou Aigaiou tēs Prōimēs Epochēs tou Sidērou /</subfield>
         <subfield code="r">Alexandros Mazarakēs Ainian --</subfield>
         <subfield code="t">Sul centauro di Lefkandi /</subfield>
         <subfield code="r">Fabio Caruso --</subfield>
         <subfield code="t">Heleusina stēn Prōimē Epochē tou Sidērou /</subfield>
         <subfield code="r">Kalliopē Papangelē --</subfield>
         <subfield code="g">Kyklades kai Kythēra.</subfield>
         <subfield code="t">Kyklades stēn Prōimē Epochē tou Sidērou hōs tēn hysterē Archaikē epochē /</subfield>
         <subfield code="r">Phōteinē N. Zapheiropoulou --</subfield>
         <subfield code="t">Andros kata tēn Prōimē Epochē tou Sidērou (100-600 p.Ch.) /</subfield>
         <subfield code="r">Christina A. Televantou --</subfield>
         <subfield code="t">Tēnos kata tēn Prōimē Epochē tou Sidērou /</subfield>
         <subfield code="r">Nota Kourou --</subfield>
         <subfield code="t">Despotiko : hē anakalypsē enos neou hierou /</subfield>
         <subfield code="r">Giannos Kouragios --</subfield>
         <subfield code="t">Palaiokastro Kythērōn : geōmetrika kai archaika /</subfield>
         <subfield code="r">Iōannēs E. Petrocheilos --</subfield>
         <subfield code="g">Varia.</subfield>
         <subfield code="t">From tribe to state in the Greek Early Iron Age : the archaeological evidence from Lefkandi and Zagora /</subfield>
         <subfield code="r">Alexandra Coucouzeli --</subfield>
         <subfield code="t">Chrēsē tou chrōmatos stēn anaglyphē keramikē /</subfield>
         <subfield code="r">Eva Sēmantōnē-Bournia --</subfield>
         <subfield code="t">Apo ta sēmeia kerameōs stēn alphavētikē graphē : mythos kai archaiologikē martyria /</subfield>
         <subfield code="r">Christos G. Doumas --</subfield>
         <subfield code="t">Epinikies giortes, agalmata nikētōn kai hē tautotēta tōn Aiginētōn /</subfield>
         <subfield code="r">Elena Walter-Karydē.</subfield>
      </datafield>
      <datafield tag="650" ind1=" " ind2="0">
         <subfield code="a">Iron age</subfield>
         <subfield code="z">Aegean Sea Region</subfield>
         <subfield code="v">Congresses.</subfield>
      </datafield>
      <datafield tag="650" ind1=" " ind2="0">
         <subfield code="a">Excavations (Archaeology)</subfield>
         <subfield code="z">Aegean Sea Region</subfield>
         <subfield code="v">Congresses.</subfield>
      </datafield>
      <datafield tag="651" ind1=" " ind2="0">
         <subfield code="a">Aegean Sea Region</subfield>
         <subfield code="x">Antiquities</subfield>
         <subfield code="v">Congresses.</subfield>
      </datafield>
      <datafield tag="651" ind1=" " ind2="0">
         <subfield code="a">Aegean Sea Region</subfield>
         <subfield code="x">History</subfield>
         <subfield code="v">Congresses.</subfield>
      </datafield>
      <datafield tag="700" ind1="1" ind2=" ">
         <subfield code="a">Stampolidēs, Nikolaos Chr.</subfield>
         <subfield code="e">ed.</subfield>
      </datafield>
      <datafield tag="700" ind1="1" ind2=" ">
         <subfield code="a">Giannikourē, A.</subfield>
         <subfield code="e">ed.</subfield>
      </datafield>
      <datafield tag="710" ind1="2" ind2=" ">
         <subfield code="a">Panepistēmio tēs Krētēs.</subfield>
      </datafield>
      <datafield tag="710" ind1="1" ind2=" ">
         <subfield code="a">Greece.</subfield>
         <subfield code="b">Archaiologiko Institouto Aigaiakōn Spoudōn.</subfield>
      </datafield>
      <datafield tag="710" ind1="1" ind2=" ">
         <subfield code="a">Greece.</subfield>
         <subfield code="b">Hypourgeio Politismou.</subfield>
      </datafield>
      <datafield tag="994" ind1=" " ind2=" ">
         <subfield code="a">Z0</subfield>
         <subfield code="b">ZYU</subfield>
      </datafield>
      <datafield tag="OWN" ind1=" " ind2=" ">
         <subfield code="a">GENERAL</subfield>
      </datafield>
      <datafield tag="936" ind1=" " ind2=" ">
         <subfield code="a">PR 803770215</subfield>
      </datafield>
      <datafield tag="AVA" ind1=" " ind2=" ">
         <subfield code="a">NYU50</subfield>
         <subfield code="b">NISAW</subfield>
         <subfield code="c">Oversize Collection</subfield>
         <subfield code="d">GN780.25 .A43 2004</subfield>
         <subfield code="e">available</subfield>
         <subfield code="t">Available</subfield>
         <subfield code="f">1</subfield>
         <subfield code="g">0</subfield>
         <subfield code="h">N</subfield>
         <subfield code="i">0</subfield>
         <subfield code="j">OVERZ</subfield>
      </datafield>
      <marc:datafield tag="852" ind1=" " ind2=" ">
         <marc:subfield code="a">New York University</marc:subfield>
         <marc:subfield code="b">Institute for the Study of the Ancient World</marc:subfield>
         <marc:subfield code="c">Oversize Collection</marc:subfield>
         <marc:subfield code="e">15 East 84th Street</marc:subfield>
         <marc:subfield code="e">New York, NY  10028</marc:subfield>
      </marc:datafield>
   </record>