
  
  
  
  
  
  
 
  
  <record xsi:schemaLocation="http://www.loc.gov/MARC21/slim http://www.loc.gov/standards/marcxml/schema/MARC21slim.xsd">
      <leader>00000cam a2200289 a 4500</leader>
      <controlfield tag="FMT">BK</controlfield>
      <controlfield tag="LDR">00000cam a2200289 a 4500</controlfield>
      <controlfield tag="001">003881649</controlfield>
      <controlfield tag="003">OCoLC</controlfield>
      <controlfield tag="005">20131106113021.0</controlfield>
      <controlfield tag="008">131106s1943    sw ac    bc   001 0 swe</controlfield>
      <datafield tag="035" ind1=" " ind2=" ">
         <subfield code="a">(OCoLC)471463009</subfield>
      </datafield>
      <datafield tag="040" ind1=" " ind2=" ">
         <subfield code="a">GZM</subfield>
         <subfield code="b">eng</subfield>
         <subfield code="c">GZM</subfield>
         <subfield code="d">OCLCQ</subfield>
         <subfield code="d">OCLCO</subfield>
         <subfield code="d">NNU</subfield>
      </datafield>
      <datafield tag="050" ind1=" " ind2="4">
         <subfield code="a">Z5134</subfield>
         <subfield code="b">.B53 1943</subfield>
      </datafield>
      <datafield tag="245" ind1="0" ind2="0">
         <subfield code="a">Bibliotheca Monteliana :</subfield>
         <subfield code="b">katalog över Oscar Montelius boksamling i Kungl. Vitterhets Historie och Antikvitets Akademiens bibliotek /</subfield>
         <subfield code="c">redigerad av Maja Lundqvist ; med en inledning om Oscar Montelius som forskare av Nils Åberg.</subfield>
      </datafield>
      <datafield tag="260" ind1=" " ind2=" ">
         <subfield code="a">Stockholm :</subfield>
         <subfield code="b">I distribution hos Wahlström &amp; Widstrand,</subfield>
         <subfield code="c">1943.</subfield>
      </datafield>
      <datafield tag="300" ind1=" " ind2=" ">
         <subfield code="a">xlviii, 248 pages :</subfield>
         <subfield code="b">illustrations, portrait ;</subfield>
         <subfield code="c">24 cm.</subfield>
      </datafield>
      <datafield tag="336" ind1=" " ind2=" ">
         <subfield code="a">text</subfield>
         <subfield code="b">txt</subfield>
         <subfield code="2">rdacontent</subfield>
      </datafield>
      <datafield tag="337" ind1=" " ind2=" ">
         <subfield code="a">unmediated</subfield>
         <subfield code="b">n</subfield>
         <subfield code="2">rdamedia</subfield>
      </datafield>
      <datafield tag="338" ind1=" " ind2=" ">
         <subfield code="a">volume</subfield>
         <subfield code="b">nc</subfield>
         <subfield code="2">rdacarrier</subfield>
      </datafield>
      <datafield tag="490" ind1="1" ind2=" ">
         <subfield code="a">Kungl. Vitterhets historie och antikvitets akademiens handlingar ;</subfield>
         <subfield code="v">femtiosjunde delen</subfield>
      </datafield>
      <datafield tag="500" ind1=" " ind2=" ">
         <subfield code="a">Includes index.</subfield>
      </datafield>
      <datafield tag="600" ind1="1" ind2="0">
         <subfield code="a">Montelius, Oscar,</subfield>
         <subfield code="d">1843-1921</subfield>
         <subfield code="x">Library</subfield>
         <subfield code="v">Catalogs.</subfield>
      </datafield>
      <datafield tag="610" ind1="2" ind2="0">
         <subfield code="a">Vitterhets-, historie- och antikvitetsakademien, Stockholm.</subfield>
         <subfield code="b">Biblioteket</subfield>
         <subfield code="v">Catalogs.</subfield>
      </datafield>
      <datafield tag="650" ind1=" " ind2="0">
         <subfield code="a">Antiquities</subfield>
         <subfield code="v">Bibliography.</subfield>
      </datafield>
      <datafield tag="700" ind1="1" ind2=" ">
         <subfield code="a">Lundqvist, Maja</subfield>
         <subfield code="e">editor.</subfield>
      </datafield>
      <datafield tag="710" ind1="2" ind2=" ">
         <subfield code="a">Vitterhets-, historie- och antikvitetsakademien, Stockholm.</subfield>
         <subfield code="b">Biblioteket.</subfield>
      </datafield>
      <datafield tag="776" ind1="1" ind2="8">
         <subfield code="i">Online version:</subfield>
         <subfield code="t">Bibliotheca Monteliana.</subfield>
         <subfield code="d">Stockholm : Almqvist &amp; Wiksells : I distribution hos Wahlström &amp; Widstrand, 1943</subfield>
         <subfield code="w">(OCoLC)754743721</subfield>
      </datafield>
      <datafield tag="830" ind1=" " ind2="0">
         <subfield code="a">Kungl. Vitterhets historie och antikvitets akademiens handlingar ;</subfield>
         <subfield code="v">d. 57.</subfield>
      </datafield>
      <datafield tag="994" ind1=" " ind2=" ">
         <subfield code="a">Z0</subfield>
         <subfield code="b">ZYU</subfield>
      </datafield>
      <datafield tag="OWN" ind1=" " ind2=" ">
         <subfield code="a">GENERAL</subfield>
      </datafield>
      <datafield tag="936" ind1=" " ind2=" ">
         <subfield code="a">PR 186086817</subfield>
      </datafield>
      <datafield tag="AVA" ind1=" " ind2=" ">
         <subfield code="a">NYU50</subfield>
         <subfield code="b">NISAW</subfield>
         <subfield code="c">Small Collection</subfield>
         <subfield code="d">Z5134 .B53 1943</subfield>
         <subfield code="e">available</subfield>
         <subfield code="t">Available</subfield>
         <subfield code="f">1</subfield>
         <subfield code="g">0</subfield>
         <subfield code="h">N</subfield>
         <subfield code="i">0</subfield>
         <subfield code="j">SMALL</subfield>
      </datafield>
      <marc:datafield tag="852" ind1=" " ind2=" ">
         <marc:subfield code="a">New York University</marc:subfield>
         <marc:subfield code="b">Institute for the Study of the Ancient World</marc:subfield>
         <marc:subfield code="c">Small Collection</marc:subfield>
         <marc:subfield code="e">15 East 84th Street</marc:subfield>
         <marc:subfield code="e">New York, NY  10028</marc:subfield>
      </marc:datafield>
   </record>