
  
  
  
  
  
 
  
  <record xsi:schemaLocation="http://www.loc.gov/MARC21/slim http://www.loc.gov/standards/marcxml/schema/MARC21slim.xsd">
      <leader>00000nam a22      i 4500</leader>
      <controlfield tag="FMT">BK</controlfield>
      <controlfield tag="LDR">00000nam a22      i 4500</controlfield>
      <controlfield tag="001">003883084</controlfield>
      <controlfield tag="005">20131108162122.0</controlfield>
      <controlfield tag="008">131108s1943    gr            000 0 grc d</controlfield>
      <datafield tag="040" ind1=" " ind2=" ">
         <subfield code="a">NNU</subfield>
         <subfield code="b">eng</subfield>
         <subfield code="c">NNU</subfield>
         <subfield code="e">rda</subfield>
      </datafield>
      <datafield tag="043" ind1=" " ind2=" ">
         <subfield code="a">e-gr---</subfield>
      </datafield>
      <datafield tag="050" ind1=" " ind2="4">
         <subfield code="a">PA4452.A32</subfield>
         <subfield code="b">1943</subfield>
      </datafield>
      <datafield tag="066" ind1=" " ind2=" ">
         <subfield code="c">(S</subfield>
      </datafield>
      <datafield tag="100" ind1="0" ind2=" ">
         <subfield code="a">Thucydides.</subfield>
      </datafield>
      <datafield tag="245" ind1="1" ind2="0">
         <subfield code="6">880-01</subfield>
         <subfield code="a">PERIKEOUSs EPITAPHIOS (THOUKYD. II, 34-46) :</subfield>
         <subfield code="b">KEIMENO, METAPHRASĒ, SCHOLIA, EPILEGOMENA /</subfield>
         <subfield code="c">I.TH. KAKRIDĒ.</subfield>
      </datafield>
      <datafield tag="250" ind1=" " ind2=" ">
         <subfield code="6">880-02</subfield>
         <subfield code="a">III EKDOSĒ.</subfield>
      </datafield>
      <datafield tag="264" ind1=" " ind2="1">
         <subfield code="6">880-03</subfield>
         <subfield code="a">Athena :</subfield>
         <subfield code="b">[publisher not identified],</subfield>
         <subfield code="c">1943.</subfield>
      </datafield>
      <datafield tag="300" ind1=" " ind2=" ">
         <subfield code="a">vii, 63 pages :</subfield>
         <subfield code="c">20 cm</subfield>
      </datafield>
      <datafield tag="336" ind1=" " ind2=" ">
         <subfield code="a">text</subfield>
         <subfield code="2">rdacontent</subfield>
      </datafield>
      <datafield tag="337" ind1=" " ind2=" ">
         <subfield code="a">unmediated</subfield>
         <subfield code="2">rdamedia</subfield>
      </datafield>
      <datafield tag="338" ind1=" " ind2=" ">
         <subfield code="a">volume</subfield>
         <subfield code="2">rdacarrier</subfield>
      </datafield>
      <datafield tag="651" ind1=" " ind2="0">
         <subfield code="a">Greece</subfield>
         <subfield code="x">History</subfield>
         <subfield code="y">Athenian supremacy, 479-431 B.C.</subfield>
      </datafield>
      <datafield tag="650" ind1=" " ind2="0">
         <subfield code="a">Greece</subfield>
         <subfield code="x">History</subfield>
         <subfield code="y">Peloponnesian War, 431-404 B.C.</subfield>
      </datafield>
      <datafield tag="700" ind1="1" ind2=" ">
         <subfield code="a">Kakridis, Johannes Th.</subfield>
      </datafield>
      <datafield tag="880" ind1="1" ind2="0">
         <subfield code="6">245-01/</subfield>
         <subfield code="a">ΠEPIKΛEOYΣ EΠITAΦIOΣ (ΘΟΥΚΔ. II 34-46) :</subfield>
         <subfield code="b">ΚΕΙΜΕΝΟ ΜΕΤΑΦΡΑΣΗ ΣΧΟΛΙΑ ΕΠΙΛΕΓΟΜΕΝΑ /</subfield>
         <subfield code="c">Ι. Θ. ΚΑΚΡΙΔΗ.</subfield>
      </datafield>
      <datafield tag="880" ind1=" " ind2=" ">
         <subfield code="6">250-02/</subfield>
         <subfield code="a">Γʹ ΕΚΔΟΣΗ.</subfield>
      </datafield>
      <datafield tag="880" ind1=" " ind2="1">
         <subfield code="6">264-03/</subfield>
         <subfield code="a">Αθήνα :</subfield>
         <subfield code="b">[publisher not identified],</subfield>
         <subfield code="c">1943.</subfield>
      </datafield>
      <datafield tag="OWN" ind1=" " ind2=" ">
         <subfield code="a">GENERAL</subfield>
      </datafield>
      <datafield tag="AVA" ind1=" " ind2=" ">
         <subfield code="a">NYU50</subfield>
         <subfield code="b">NISAW</subfield>
         <subfield code="c">Small Collection</subfield>
         <subfield code="d">PA4452.A32 1943</subfield>
         <subfield code="e">available</subfield>
         <subfield code="t">Available</subfield>
         <subfield code="f">1</subfield>
         <subfield code="g">0</subfield>
         <subfield code="h">N</subfield>
         <subfield code="i">0</subfield>
         <subfield code="j">SMALL</subfield>
      </datafield>
      <marc:datafield tag="852" ind1=" " ind2=" ">
         <marc:subfield code="a">New York University</marc:subfield>
         <marc:subfield code="b">Institute for the Study of the Ancient World</marc:subfield>
         <marc:subfield code="c">Small Collection</marc:subfield>
         <marc:subfield code="e">15 East 84th Street</marc:subfield>
         <marc:subfield code="e">New York, NY  10028</marc:subfield>
      </marc:datafield>
   </record>