
  
  
  
  
  
  
 
  
  <record xsi:schemaLocation="http://www.loc.gov/MARC21/slim http://www.loc.gov/standards/marcxml/schema/MARC21slim.xsd">
      <leader>00000cam a2200349 a 45M</leader>
      <controlfield tag="FMT">BK</controlfield>
      <controlfield tag="LDR">00000cam a2200349 a 45M</controlfield>
      <controlfield tag="001">002821905</controlfield>
      <controlfield tag="003">NNU</controlfield>
      <controlfield tag="005">20131104113503.0</controlfield>
      <controlfield tag="008">870612s1983    ru f     b    000 0 ruso</controlfield>
      <datafield tag="010" ind1=" " ind2=" ">
         <subfield code="a">83187167</subfield>
      </datafield>
      <datafield tag="020" ind1=" " ind2=" ">
         <subfield code="c">4.60rub</subfield>
      </datafield>
      <datafield tag="035" ind1="9" ind2=" ">
         <subfield code="a">NYUb10529725</subfield>
      </datafield>
      <datafield tag="035" ind1=" " ind2=" ">
         <subfield code="a">(CStRLIN)NYUG87-B19759</subfield>
      </datafield>
      <datafield tag="035" ind1=" " ind2=" ">
         <subfield code="a">GLIS00529725X</subfield>
      </datafield>
      <datafield tag="040" ind1=" " ind2=" ">
         <subfield code="d">CStRLIN</subfield>
         <subfield code="d">NNU</subfield>
      </datafield>
      <datafield tag="043" ind1=" " ind2=" ">
         <subfield code="a">aw-----</subfield>
         <subfield code="a">e------</subfield>
         <subfield code="a">ff-----</subfield>
         <subfield code="a">mm-----</subfield>
      </datafield>
      <datafield tag="050" ind1="0" ind2="0">
         <subfield code="a">NB1296.3</subfield>
         <subfield code="b">.S64 1983</subfield>
      </datafield>
      <datafield tag="082" ind1="0" ind2=" ">
         <subfield code="a">733/.5</subfield>
         <subfield code="2">19</subfield>
      </datafield>
      <datafield tag="100" ind1="1" ind2=" ">
         <subfield code="a">Sokolov, Gleb Ivanovich.</subfield>
      </datafield>
      <datafield tag="245" ind1="1" ind2="0">
         <subfield code="a">Rimskiĭ skulʹpturnyĭ portret III veka i khudozhestvennai͡a kulʹtura togo vremeni /</subfield>
         <subfield code="c">G.I. Sokolov.</subfield>
      </datafield>
      <datafield tag="246" ind1="3" ind2="4">
         <subfield code="a">Rimskiĭ skulʹpturnyĭ portret III veka</subfield>
      </datafield>
      <datafield tag="246" ind1="3" ind2=" ">
         <subfield code="a">Rimskiĭ skulʹpturnyĭ portret tretʹego veka i khudozhestvennai͡a kulʹtura togo vremeni</subfield>
      </datafield>
      <datafield tag="246" ind1="3" ind2=" ">
         <subfield code="a">Rimskiĭ skulʹpturnyĭ portret 3-go veka i khudozhestvennai͡a kulʹtura togo vremeni</subfield>
      </datafield>
      <datafield tag="260" ind1=" " ind2=" ">
         <subfield code="a">Moskva :</subfield>
         <subfield code="b">"Iskusstvo,"</subfield>
         <subfield code="c">1983.</subfield>
      </datafield>
      <datafield tag="300" ind1=" " ind2=" ">
         <subfield code="a">154 p., [126] p. of plates :</subfield>
         <subfield code="b">ill. (some col.) ;</subfield>
         <subfield code="c">29 cm.</subfield>
      </datafield>
      <datafield tag="490" ind1="1" ind2=" ">
         <subfield code="a">Iz istorii mirovogo iskusstva</subfield>
      </datafield>
      <datafield tag="504" ind1=" " ind2=" ">
         <subfield code="a">Bibliography: p. [141]-148.</subfield>
      </datafield>
      <datafield tag="650" ind1=" " ind2="0">
         <subfield code="a">Portrait sculpture, Roman.</subfield>
      </datafield>
      <datafield tag="650" ind1=" " ind2="0">
         <subfield code="a">Civilization, Greco-Roman.</subfield>
      </datafield>
      <datafield tag="830" ind1=" " ind2="0">
         <subfield code="a">Iz istorii mirovogo iskusstva</subfield>
      </datafield>
      <datafield tag="OWN" ind1=" " ind2=" ">
         <subfield code="a">GENERAL</subfield>
      </datafield>
      <datafield tag="950" ind1=" " ind2=" ">
         <subfield code="l">IFAM</subfield>
         <subfield code="i">06/12/87 C</subfield>
      </datafield>
      <datafield tag="955" ind1=" " ind2=" ">
         <subfield code="l">IFAM</subfield>
         <subfield code="c">1</subfield>
         <subfield code="i">06/12/87 C</subfield>
      </datafield>
      <datafield tag="AVA" ind1=" " ind2=" ">
         <subfield code="a">NYU50</subfield>
         <subfield code="b">NIFA</subfield>
         <subfield code="c">Main Collection</subfield>
         <subfield code="d">NB1296.3 .S64 1983 Non-circulating</subfield>
         <subfield code="e">unavailable</subfield>
         <subfield code="t">Unavailable</subfield>
         <subfield code="f">1</subfield>
         <subfield code="g">1</subfield>
         <subfield code="h">N</subfield>
         <subfield code="i">0</subfield>
         <subfield code="j">MAIN</subfield>
      </datafield>
      <datafield tag="AVA" ind1=" " ind2=" ">
         <subfield code="a">NYU50</subfield>
         <subfield code="b">NISAW</subfield>
         <subfield code="c">Oversize Collection</subfield>
         <subfield code="d">NB1296.3 .S64 1983</subfield>
         <subfield code="e">available</subfield>
         <subfield code="t">Available</subfield>
         <subfield code="f">1</subfield>
         <subfield code="g">0</subfield>
         <subfield code="h">N</subfield>
         <subfield code="i">0</subfield>
         <subfield code="j">OVERZ</subfield>
      </datafield>
      <marc:datafield tag="852" ind1=" " ind2=" ">
         <marc:subfield code="a">New York University</marc:subfield>
         <marc:subfield code="b">Institute for the Study of the Ancient World</marc:subfield>
         <marc:subfield code="c">Oversize Collection</marc:subfield>
         <marc:subfield code="e">15 East 84th Street</marc:subfield>
         <marc:subfield code="e">New York, NY  10028</marc:subfield>
      </marc:datafield>
   </record>